<?xml version="1.0" encoding="UTF-8"?>
<collection xmlns="http://www.loc.gov/MARC21/slim">
<record>
  <controlfield tag="001">203270</controlfield>
  <controlfield tag="005">20200327143238.0</controlfield>
  <controlfield tag="008">160318n||||||||xx#||||#|||z|#||||||cze||</controlfield>
  <datafield tag="856" ind1="0" ind2=" ">
    <subfield code="f">stazista.nusl@gmail.com</subfield>
  </datafield>
  <datafield tag="856" ind1="4" ind2="0">
    <subfield code="u">http://www.nusl.cz/ntk/nusl-203270</subfield>
    <subfield code="z">PID NUŠL</subfield>
  </datafield>
  <datafield tag="856" ind1="4" ind2="2">
    <subfield code="u">https://www.czso.cz/csu/czso/cri/vyvoj-ekonomicke-aktivity-obyvatelstva-3-ctvrtleti-73q3e6nxv0</subfield>
    <subfield code="z">Elektronické umístění souboru</subfield>
  </datafield>
  <datafield tag="856" ind1="4" ind2=" ">
    <subfield code="u">http://invenio.nusl.cz/record/203270/files/nusl-203270_1.pdf</subfield>
    <subfield code="z">Plný text</subfield>
  </datafield>
  <datafield tag="909" ind1="C" ind2="O">
    <subfield code="o">oai:invenio.nusl.cz:203270</subfield>
    <subfield code="p">openaire</subfield>
    <subfield code="p">global</subfield>
    <subfield code="p">DRIVER</subfield>
    <subfield code="p">base</subfield>
    <subfield code="p">opengrey</subfield>
    <subfield code="q">licensed</subfield>
  </datafield>
  <datafield tag="980" ind1=" " ind2=" ">
    <subfield code="a">analyzy</subfield>
  </datafield>
  <datafield tag="996" ind1=" " ind2=" ">
    <subfield code="9">1</subfield>
  </datafield>
  <datafield tag="720" ind1=" " ind2=" ">
    <subfield code="a">Český statistický úřad</subfield>
  </datafield>
  <datafield tag="340" ind1=" " ind2=" ">
    <subfield code="a">text/pdf</subfield>
  </datafield>
  <datafield tag="300" ind1=" " ind2=" ">
    <subfield code="a">7 s.</subfield>
  </datafield>
  <datafield tag="998" ind1=" " ind2=" ">
    <subfield code="a">cesky_statisticky_urad</subfield>
  </datafield>
  <datafield tag="245" ind1="0" ind2="0">
    <subfield code="a">Důchodci a jejich aktivita na trhu práce</subfield>
  </datafield>
  <datafield tag="650" ind1=" " ind2="7">
    <subfield code="0">http://psh.ntkcz.cz/skos/PSH1424</subfield>
    <subfield code="2">PSH</subfield>
    <subfield code="a">ekonomika</subfield>
    <subfield code="j">economy</subfield>
  </datafield>
  <datafield tag="650" ind1=" " ind2="7">
    <subfield code="0">http://psh.ntkcz.cz/skos/PSH1360</subfield>
    <subfield code="2">PSH</subfield>
    <subfield code="a">důchod</subfield>
    <subfield code="j">pension</subfield>
  </datafield>
  <datafield tag="650" ind1=" " ind2="7">
  </datafield>
  <datafield tag="650" ind1=" " ind2="7">
    <subfield code="0">http://psh.ntkcz.cz/skos/PSH1264</subfield>
    <subfield code="2">PSH</subfield>
    <subfield code="a">trh práce</subfield>
    <subfield code="j">labour market</subfield>
  </datafield>
  <datafield tag="260" ind1=" " ind2=" ">
    <subfield code="b">Český statistický úřad</subfield>
  </datafield>
  <datafield tag="520" ind1=" " ind2=" ">
    <subfield code="9">cze</subfield>
    <subfield code="a">Analýza k RI podle výsledků Výběrového šetření pracovních sil.</subfield>
  </datafield>
  <datafield tag="520" ind1=" " ind2=" ">
    <subfield code="9">eng</subfield>
    <subfield code="a">Analysis to the NR according to the results of the Labour Force Sample Survey.</subfield>
  </datafield>
  <datafield tag="540" ind1=" " ind2=" ">
    <subfield code="9">cze</subfield>
    <subfield code="a">Dílo je chráněno podle autorského zákona č. 121/2000 Sb.</subfield>
  </datafield>
  <datafield tag="540" ind1=" " ind2=" ">
    <subfield code="9">eng</subfield>
    <subfield code="a">This work is protected under the Copyright Act No. 121/2000 Coll.</subfield>
  </datafield>
  <datafield tag="041" ind1="0" ind2="7">
    <subfield code="a">cze</subfield>
  </datafield>
  <datafield tag="506" ind1=" " ind2=" ">
    <subfield code="a">Public</subfield>
  </datafield>
  <datafield tag="046" ind1=" " ind2=" ">
    <subfield code="k">2010</subfield>
  </datafield>
  <datafield tag="490" ind1="0" ind2=" ">
    <subfield code="a">Vývoj ekonomické aktivity obyvatelstva</subfield>
  </datafield>
</record>
</collection>